@article{Hong,
    author = {Seok Min Hong, Billie J. Morgan, Matthew D. Stocker},
    title = {Using machine learning models to estimate Escherichia coli concentration in an irrigation pond from water quality and drone-based RGB imagery data},
    journal = {Water Research},
    volume = 260,
    year = 2024
}
@article{Stocker,
    author = {Matthews D. Stocker, Yakov A. Pachepsky, Robert L. Hill},
    title = {Prediction of E. coli Concentrations in Agricultural Pond Waters: Application and Comparison of Machine Learning Algorithms},
    journal = {Frontiers Artificial Intelligence},
    volume = 4,
    year = 2021
}